<?xml version="1.0" encoding="UTF-8"?><collection xmlns="http://www.loc.gov/MARC21/slim"><record><leader>00352nam--2200145-i-4500</leader><controlfield tag="001">000015947</controlfield><controlfield tag="002">20161230</controlfield><controlfield tag="005">20170114000141</controlfield><controlfield tag="008">060222s1000------------r-----000-0-eng-d</controlfield><datafield ind1=" " ind2=" " tag="245"><subfield code="a">Modern dielectric materials</subfield></datafield><datafield ind1=" " ind2=" " tag="260"><subfield code="a">London</subfield><subfield code="b">Heywood And Co.Ltd</subfield><subfield code="c">1960</subfield></datafield><datafield ind1=" " ind2=" " tag="300"><subfield code="a">253 p</subfield></datafield><datafield ind1=" " ind2=" " tag="700"><subfield code="a">Birks, J. B</subfield></datafield><datafield ind1=" " ind2=" " tag="852"><subfield code="a">16319</subfield></datafield><datafield ind1=" " ind2=" " tag="CAT"><subfield code="a">SYS</subfield><subfield code="c">20170114</subfield><subfield code="h">000141</subfield></datafield></record></collection>